% Gro�schreibung im Titel ist durch {} zu Markieren!
%
% Der Eintrag bei "edition = " erscheint genau so wie er geschrieben wird (s. z.B. Khoo2007, Kopka2000 etc.).
%
% F�r einen vern�nftigen Eintrag im Literaturverzeichnis MUSS ein Autor ("author = ") angegeben werden.
% Notfalls muss einer erfunden werden (s. z.B. Agilent2006, Latex2011, etc.)
%
% Um Webseiten mit Hilfe von "url = " und "urldate = " zu zitieren, muss ausschlie�lich der
% Eintrag


% B�cher, Buchausschnitte und Proceedings

@manual{VA00,
  title        = {Versuchsanleitung zum Praktikumsversuch Dopplerfreie Sättigungsspektroskopie von Rubidium},
  author       = {H. Bleiner}
}

@book{Dem,
  author         = {W. Demtröder},
  title          = {Experimentalphysik 3},
  publisher      = {Springer Spektrum},
  year           = {2015}
}

@book{LSDem,
  author         = {W. Demtröder},
  title          = {Laserspektroskopie 1},
  publisher      = {Springer},
  year           = {2011}
}

@misc{RDL85,
  author       = {D. Steck},
  title        = {Rubidium 85 D Line Data},
  year         = {2013}
}

@misc{RDL87,
  author       = {D. Steck},
  title        = {Rubidium 87 D Line Data},
  year         = {2015}
}