% Großschreibung im Titel ist durch {} zu Markieren!
%
% Der Eintrag bei "edition = " erscheint genau so wie er geschrieben wird (s. z.B. Khoo2007, Kopka2000 etc.).
%
% Für einen vernünftigen Eintrag im Literaturverzeichnis MUSS ein Autor ("author = ") angegeben werden.
% Notfalls muss einer erfunden werden (s. z.B. Agilent2006, Latex2011, etc.)
%
% Um Webseiten mit Hilfe von "url = " und "urldate = " zu zitieren, muss ausschließlich der
% Eintrag


% Bücher, Buchausschnitte und Proceedings

@misc{Anleitung,
  author       = {{EPI Universit{\"a}t Bayreuth}},
  title        = {{F{\"O}RSTERRESONANZENERGIETRANSFER (FRET) AN BIOLOGISCHEN PROBEN}},
  howpublished = {Internes Dokument},
  year         = {2018}
}

@book{Fluorescence,
  author         = {Joseph R. Lakowicz},
  edition        = {3.},
  title          = {{Principles of Fluorescence Spectroscopy}},
  publisher      = {Springer},
  year           = {2006}
}

@misc{Radius,
  author       = {Chemie.de},
  title        = {F{\"o}rster-Radius},
  url          = {https://www.chemie.de/lexikon/F%C3%B6rster-Radius.html},
  urldate      = {01.10.2021},
  year         = {2021},
}

@misc{Time,
  author       = {Michael Wahl},
  title        = {Time-Correlated Single Photon Counting},
  year         = {2014},
  url          = {https://www.picoquant.com/images/uploads/page/files/7253/technote_tcspc.pdf},
  urldate      = {01.10.2021},
}

@misc{Bleach,
  title        = {Photobleichung},
  url          = {https://de.wikipedia.org/w/index.php?title=Photobleichung&oldid=192798269},
  urldate      = {02.10.2021},
}