% Gro�schreibung im Titel ist durch {} zu Markieren!
%
% Der Eintrag bei "edition = " erscheint genau so wie er geschrieben wird (s. z.B. Khoo2007, Kopka2000 etc.).
%
% F�r einen vern�nftigen Eintrag im Literaturverzeichnis MUSS ein Autor ("author = ") angegeben werden.
% Notfalls muss einer erfunden werden (s. z.B. Agilent2006, Latex2011, etc.)
%
% Um Webseiten mit Hilfe von "url = " und "urldate = " zu zitieren, muss ausschlie�lich der
% Eintrag


% B�cher, Buchausschnitte und Proceedings

@unpublished{VA,
  author    = {W. Richter},
  title     = {{Signal/Rausch-Verbesserung}},
  month     = {Juli},
  year      = {2012},
  note      = {Versuchsanleitung, physikalisches Praktikum für Fortgeschrittene, Universit\"at Bayreuth}
}

@book{electronik,
  author = {E. Hering, K. Bessler, J Gutekunst},
  title = {Elektronik für Ingenieure und Naturwissenschaftler},
  publisher = {Springer},
  year = {2014},
  edition ={6. Auflage},
}

@book{messtechnik,
  author         = {Thomas Bühl},
  title          = {{Einf\"uhrung in die elektrische Messtechnik}},
  publisher      = {Vieweg + Teubner Verlag},
  year           = {2001},
  edition        = {1},
}

@book{praktikum,
  author         = {Wolfgang Schenk, Friedrich Kremer},
  title          = {{Physikalisches Praktikum}},
  publisher      = {Springer},
  year           = {2014},
  url            = {https://www.springer.com/cda/content/document/cda_downloaddocument/7_Fouriertransformation_PB14.pdf?SGWID=0-0-45-1437409-p176436733},
  urldate        = {13.10.2021},
  note           = {{Erg\"anzungen zu Kapitel: Fourier-Transformation und Signalanalyse, Methoden der Messtechnik - Signal und Bildverarbeitung von Prof. Dr.-Ing. habil. P. Lehmann}},
}

@misc{lockin,
  author       = {Stanford Research System},
  title        = {{Lock-In Amplifier Basics}},
  url          = {https://www.thinksrs.com/downloads/pdfs/applicationnotes/Lock-In%20Basics.pdf},
  urldate      = {13.10.2021},
}

@misc{grafikQuelle,
  author       = {Jörg Cassens},
  title        = {Medieninformatik},
  year         = {2019},
  url          = {https://mi.kriwi.de/mi/MI-06-Audio-JC-handout.pdf},
  urldate      = {14.10.2021},
  note         = {Grafikquelle},
}

@book{EFP,
  author         = {Konrad Kopitzki},
  publisher      = {Springer Spektrum},
  title          = {Einführung in die Festkörperphysik},
  year           = {2016}
}