% Gro�schreibung im Titel ist durch {} zu Markieren!
%
% Der Eintrag bei "edition = " erscheint genau so wie er geschrieben wird (s. z.B. Khoo2007, Kopka2000 etc.).
%
% F�r einen vern�nftigen Eintrag im Literaturverzeichnis MUSS ein Autor ("author = ") angegeben werden.
% Notfalls muss einer erfunden werden (s. z.B. Agilent2006, Latex2011, etc.)
%
% Um Webseiten mit Hilfe von "url = " und "urldate = " zu zitieren, muss ausschlie�lich der
% Eintrag


% B�cher, Buchausschnitte und Proceedings

@misc{WikiDynSys,
  author       = {Wikipedia},
  title        = {Dynamische Systeme},
  year         = {2021},
  url          = {https://de.wikipedia.org/w/index.php?title=Dynamisches_System&oldid=213310181},
  urldate      = {31.08.2021}
}

@misc{WikiDetChaos,
  author       = {Wikipedia},
  title        = {Deterministisches Chaos},
  year         = {2021},
  url          = {https://de.wikipedia.org/w/index.php?title=Deterministisches_Chaos&oldid=211746838},
  urldate      = {2.09.2021}
}

@book{Mat1,
  author         = {K. Jänich},
  title          = {Mathematik 1, Geschrieben für Physiker},
  publisher      = {Springer},
  year           = {2005}
}

@unpublished{Lueck,
  author  = {S. Lück},
  title   = {{Ein Praktikumsversuch zum Thema: 'Chaos in einfachen physikalischen Systemen'}},
  note  = {internes Dokument, Experimentalphysik II, Universität Bayreuth},
  year    = {1995}
}

@book{Mat2,
  author         = {K. Jänich},
  title          = {Mathematik 2, Geschrieben für Physiker},
  publisher      = {Springer},
  year           = {2011}
}

@book{electronik,
  author = {E. Hering, K. Bessler, J Gutekunst},
  title = {Elektronik für Ingenieure und Naturwissenschaftler},
  publisher = {Springer},
  year = {2014},
  edition ={6. Auflage},
}

@misc{Leifi,
  author       = {LeifiPhysik},
  title        = {Blattfederpendel stehend},
  url          = {https://www.leifiphysik.de/mechanik/mechanische-schwingungen/ausblick/blattfederpendel-stehend},
  year         = {2021},
  urldate      = {09.09.2021}, 
}

@misc{py1,
  author       = {Anton Neururer},
  title        = {Rössler Attraktor zeichnen mit Matplotlib},
  year         = {2017},
  url          = {http://jupiter-online.net/roessler-attraktor-zeichnen-mit-matplotlib/},
  urldate      = {02.09.2021},
}

@misc{py2,
  author       = {Anton Neururer},
  title        = {Lorenz Attraktor zeichnen mit Matplotlib},
  year         = {2017},
  url          = {http://jupiter-online.net/lorenz-attraktor-zeichnen-mit-matplotlib/},
  urldate      = {02.09.2021},
}