% Gro�schreibung im Titel ist durch {} zu Markieren!
%
% Der Eintrag bei "edition = " erscheint genau so wie er geschrieben wird (s. z.B. Khoo2007, Kopka2000 etc.).
%
% F�r einen vern�nftigen Eintrag im Literaturverzeichnis MUSS ein Autor ("author = ") angegeben werden.
% Notfalls muss einer erfunden werden (s. z.B. Agilent2006, Latex2011, etc.)
%
% Um Webseiten mit Hilfe von "url = " und "urldate = " zu zitieren, muss ausschlie�lich der
% Eintrag


% B�cher, Buchausschnitte und Proceedings

@inbook{Bergmann1978,
  author    = {H. Gobrecht},
  title     = {Bergmann--Sch{\"a}fer, Lehrbuch der Experimentalphysik, Band III Optik},
  publisher = {Walter de Gruyter},
  edition   = {7.\ Auflage},
  year      = {1978},
  address   = {Berlin, New York},
  pages     = {418-419}
}

@inbook{Dierking2003,
  author    = {I. Dierking},
  title     = {Textures of Liquid Crystals},
  publisher = {Wiley-VCH Verlag},
  year      = {2003},
  address   = {Weinheim},
  chapter   = {5},
  pages     = {54-74}
}

@book{Khoo2007,
  author    = {I.-C. Khoo},
  title     = {Liquid Crystals},
  publisher = {John Wiley \& Sons},
  edition   = {2nd edn.},
  year      = {2007},
  address   = {Hoboken, New Jersey}
}

@book{Kopka2000,
  author    = {H. Kopka},
  title     = {\LaTeX, Band 1 --- Einf\"uhrung},
  publisher = {Addison-Wesley Verlag},
  edition   = {3.\ \"uberarbeitete Auflage},
  year      = {2000},
  address   = {M\"unchen; Boston; San Francisco [u.a.]}
}

@inproceedings{Kramer1996,
  author    = {L. Kramer and W. Pesch},
  editor    = {\'{A}. Buka and L. Kramer},
  title     = {Electrohydrodynamic Instabilities in Nematic Liquid Crystals},
  booktitle = {Pattern Formation in Liquid Crystals},
  publisher = {Springer},
  year      = {1996},
  address   = {New York; Berlin; Heidelberg},
  pages     = {221-255}
}

@book{Lamport1995,
  author    = {L. Lamport},
  title     = {Das \LaTeX--Handbuch},
  publisher = {Addison-Wesley Verlag},
  year      = {1995},
  address   = {Bonn; Paris; Reading, Mass. [u.a.]}
}

@book{Eichler2001,
  author    = {H. J. Eichler, H.-D. Kronfeldt, J. Sahm},
  title     = {Das Neue Physikalische Grundpraktikum},
  publisher = {Springer Verlag},
  year      = {2001},
  address   = {Berlin; Heidelberg}
}

@book{Goebel2019,
  author    = {H. Göbel},
  title     = {Einführung in die Halbleiter-Schaltungstechnik},
  publisher = {Springer Verlag},
  edition   = {6., überarbeitete Auflage},
  year      = {2019},
  address   = {Berlin; Heidelberg}
}

@book{Wellmann2019,
  author    = {P. Wellmann},
  title     = {Materialien der Elektronik und Energietechnik},
  publisher = {Springer Verlag},
  edition   = {2., erweiterte Auflage},
  year      = {2019},
  address   = {Wiesbaden}
}

@book{Shah2020,
  author    = {A. Shah},
  title     = {Solar Cells and Modules},
  publisher = {Springer Verlag},
  year      = {2020},
  address   = {Cham (CH)}
}

@book{Demtroeder2013,
  author    = {W. Demtröder},
  title     = {Molekülphysik. Theoretische Grundlagen unf experimentelle Methoden.},
  publisher = {Oldenbourg Wissenschaftsverlag},
  edition   = {2., überarbeitete und erweiterte Auflage},
  year      = {2013},
  address   = {München}
}

@book{Haugstad2012,
  author    = {G. Haugstad},
  title     = {Atomic Force Microscopy. Understanding Basic Modes and Advanced Applications.},
  publisher = {John Wiley and Sons, Inc.},
  year      = {2012},
  address   = {Hoboken, New Jersey}
}


@book{Vesely2017,
  author    = {J. Veselý},
  title     = {Nanoscale AFM and TEM Observations of Elementary Dislocation Mechanisms.},
  publisher = {Springer International Publishing AG},
  year      = {2017},
  address   = {Cham (CH)}
}


% Artikel in Fachzeitschriften

@article{Ahlers1986,
  author    = {G. Ahlers and I. Rehberg},
  title     = {Convection in a Binary Mixture Heated from Below},
  journal   = {Phys. Rev. Lett.},
  volume    = {56},
  number    = {13},
  pages     = {1373--1376},
  year      = {1986}
}

@article{Khazimullin2011,
  author    = {M. Khazimullin and T. M\"uller and S. Messlinger and I. Rehberg and W. Sch\"opf and A. Krekhov
               and R. Pettau and K. Kreger and H.-W. Schmidt},
  title     = {Gel formation in a mixture of a block copolymer and a nematic liquid crystal},
  journal   = {Phys. Rev. E},
  volume    = {84},
  pages     = {021710: 1--11},
  year      = {2011}
}

@article{Madsen2006,
  author    = {L. Madsen},
  title     = {Avoid eqnarray},
  journal   = {The {Prac\TeX} Journal},
  number    = {4},
  year      = {2006},
  volume    = {1}
}

@article{Mears1969,
  author    = {W. H. Mears and E. Rosenthal and J. V. Sinka},
  title     = {Physical Properties and Virial Coefficients of Sulfur Hexaflouride},
  journal   = {J. Phys. Chem.},
  volume    = {73},
  number    = {7},
  pages     = {2254--2261},
  year      = {1969}
}


@article{Dagani2002,
  author    = {Ron Dagani},
  title     = {Nanotube Strands Are Centimeters Long},
  journal   = {Chemical \& Engineering News},
  volume    = {Band 80 (Nr. 18)},
  pages     = {11},
  year      = {2002}
}


% Bachelor- Master, Diplom- und Doktorarbeiten

@phdthesis{Lafuente2005,
  author    = {{\"O}. Lafuente},
  title     = {Thermoreversible {G}ele von isotropen und anisotropen {F}l{\"u}ssigkeiten mit chiralen {O}rganogelatoren},
  year      = {2005},
  type      = {Doktorarbeit},
  school    = {Universit{\"a}t Bayreuth}
}

@mastersthesis{Kramer2010,
  author    = {C. Kramer},
  title     = {Das magnetische Moment},
  year      = {2010},
  type      = {Bachelorarbeit},
  school    = {Universit{\"a}t Bayreuth}
}

@mastersthesis{Schoepf1988,
  author    = {W. Sch\"opf},
  title     = {Konvektion in bin\"aren Fl\"ussigkeiten und multikritisches Verhalten in der N\"ahe des Kodimension-2--Punktes},
  year      = {1988},
  type      = {Diplomarbeit},
  school    = {Universit{\"a}t Bayreuth}
}

@mastersthesis{Altekrueger2008,
  author    = {C. Altekrüger},
  title     = {Solarzellen. Aufbau eines Praktikumsversuchs.},
  year      = {2008},
  type      = {Zulassungsarbeit zum 1. Staatsexamen},
  school    = {Universität Bayreuth}
}

% Handb�cher, sonstige Anleitungen

@manual{Agilent2006,
  author    = {Agilent},
  title     = {{B}enutzerhandbuch {A}gilent 34410{A}/11{A}, Multimeter mit 6$\nicefrac{1}{2}$ Stellen},
  organizaton = {Agilent Technologies},
  edition   = {3.\ Auflage},
  month     = {April},
  year      = {2006}
 }

@phdthesis{Rieger2013,
  author    = {J. Rieger},
  title     = {AFM manipulation of damping in nanomechanical resonators},
  year      = {2013},
  type      = {Doktorarbeit},
  school    = {Ludwig-Maximilians-Universität München}
}




@manual{SampleKit2007,
  author    = {NANOSURF AG},
  title     = {Extended Sample Kit},
  organizaton = {NANOSURF AG},
  month     = {September},
  year      = {2007}
 }


@manual{easyScan2003,
  author    = {NANOSURF AG},
  title     = {easyScan E-AFM - Operating Instructions},
  organizaton = {NANOSURF AG},
  year      = {2003}
 }








% Webseiten, pers�nliche Mitteilungen, Nichtver�ffentlichtes und wenn nichts anderes passt

@misc{Rehberg2011,
  author    = {I. Rehberg},
  month     = {August},
  year      = {2011},
  note      = {pers\"onliche Mitteilung}
}

@misc{Herink2021,
  author    = {Prof. Dr. Georg Herink},
  month     = {Juli},
  year      = {2021},
  note      = {Vorlesung Messmethodik}
}


@misc{Latex2011,
  author       = {LaTeX},
  title        = {LaTeX --- {A} document preparation system},
  year         = {2011},
  url          = {http://www.latex-project.org/},
  urldate      = {10.05.2011}
}

@misc{Miktex2011,
  author       = {MiKTeX},
  title        = {{MiKTeX} {P}roject {P}age},
  url          = {http://www.miktex.org/},
  urldate      = {11.11.2011},
  year         = {2011}
}

@misc{Texnic2011,
  author       = {TeXnicCenter},
  title        = {{TeXnicCenter} --- the {C}enter of your {\LaTeX}\ {U}niverse},
  year         = {2011},
  url          = {http://www.texniccenter.org/},
  urldate      = {15.11.2011}
}

@unpublished{Mueller2011,
  author    = {T. M\"uller and A. P\"ohlmann and S. Messlinger},
  title     = {Normalizing radial distribution functions on truncated regions},
  month     = {Mai},
  year      = {2011},
  note      = {internes Dokument, Experimentalphysik V, Universit\"at Bayreuth}
}


@misc{Gerken2021,
  author    = {Dr. U. Gerken},
  month     = {Juli},
  year      = {2021},
  note      = {Praktikumsskript zum Versuch Solarzelle}
}

@misc{Silicon2021,
  author       = {pveducation},
  title        = {general properties of silicon},
  url          = {https://www.pveducation.org/pvcdrom/materials/general-properties-of-silicon},
  urldate      = {09.09.2021}
}

@misc{CIS2021,
  author       = {pveducation},
  title        = {CuInSe2},
  url          = {https://www.pveducation.org/pvcdrom/materials/cuinse2},
  urldate      = {09.09.2021}
}

@unpublished{Haefner2019,
  author    = {W. Häfner},
  title     = {Chemie I für Informatiker und Physiker},
  month     = {September},
  year      = {2019},
  note      = {Vorlesungsskript Universität Bayreuth}
}