% "Bachelor.bib" --- bibliography-File f�r das Template "Bachelor.tex"
%
% Wolfgang Sch�pf, November 2011


% Gro�schreibung im Titel ist durch {} zu Markieren!
%
% Der Eintrag bei "edition = " erscheint genau so wie er geschrieben wird (s. z.B. Khoo2007, Kopka2000 etc.).
%
% F�r einen vern�nftigen Eintrag im Literaturverzeichnis MUSS ein Autor ("author = ") angegeben werden.
% Notfalls muss einer erfunden werden (s. z.B. Agilent2006, Latex2011, etc.)
%
% Um Webseiten mit Hilfe von "url = " und "urldate = " zu zitieren, muss ausschlie�lich der
% Eintrag "misc{...}" verwendet werden (s. z.B. Latex2011, Miktex2011)


% Bcher, Buchausschnitte und Proceedings


@inbook{Gerthsen,
  author    = {D. Meschede},
  title     = {Gerthsen Physik},
  publisher = {Springer-Verlag},
  edition   = {25.\ Auflage},
  year      = {2015},
  address   = {Berlin, Heidelberg}
}

@inbook{HBG,
  author    = {E. Hering, K. Bressler, J. Gutekunst},
  title     = {Elektronik für Ingenieure und Naturwissenschaftler},
  publisher = {Springer-Verlag},
  edition   = {7.\ Auflage},
  year      = {2017},
  address   = {Berlin}
}

@inbook{EKS,
  author    = {E. J. Eichler, H.-D. Kronfeldt, J. Sahm},
  title     = {Das neue physikalische Grundpraktikum},
  publisher = {Springer-Verlag},
  edition   = {3.\ Auflage},
  year      = {2016},
  address   = {Berlin}
}

@inbook{Dierking2003,
  author    = {I. Dierking},
  title     = {Textures of Liquid Crystals},
  publisher = {Wiley-VCH Verlag},
  year      = {2003},
  address   = {Weinheim},
  chapter   = {5},
  pages     = {54-74}
}


% Artikel in Fachzeitschriften

@article{Ahlers1986,
  author    = {G. Ahlers and I. Rehberg},
  title     = {Convection in a Binary Mixture Heated from Below},
  journal   = {Phys. Rev. Lett.},
  volume    = {56},
  number    = {13},
  pages     = {1373--1376},
  year      = {1986}
}


% Bachelor- Master, Diplom- und Doktorarbeiten

@phdthesis{Lafuente2005,
  author    = {{\'O}. Lafuente},
  title     = {Thermoreversible {G}ele von isotropen und anisotropen {F}l{\"u}ssigkeiten mit chiralen {O}rganogelatoren},
  year      = {2005},
  type      = {Doktorarbeit},
  school    = {Universit{\"a}t Bayreuth}
}

@mastersthesis{Kramer2010,
  author    = {C. Kramer},
  title     = {Das magnetische Moment},
  year      = {2010},
  type      = {Bachelorarbeit},
  school    = {Universit{\"a}t Bayreuth}
}

% Handb�cher, sonstige Anleitungen

@manual{Agilent2006,
  author    = {Agilent},
  title     = {{B}enutzerhandbuch {A}gilent 34410{A}/11{A}, Multimeter mit 6$\nicefrac{1}{2}$ Stellen},
  organizaton = {Agilent Technologies},
  edition   = {3.\ Auflage},
  month     = {April},
  year      = {2006}
 }


% Webseiten, pers�nliche Mitteilungen, Nichtver�ffentlichtes und wenn nichts anderes passt

@misc{Rehberg2011,
  author    = {I. Rehberg},
  month     = {August},
  year      = {2011},
  note      = {persönliche Mitteilung}
}

@misc{Texnic2011,
  author       = {TeXnicCenter},
  title        = {{TeXnicCenter} --- the {C}enter of your {\LaTeX}\ {U}niverse},
  year         = {2011},
  url          = {http://www.texniccenter.org/},
  urldate      = {15.11.2011}
}

@unpublished{Mueller2011,
  author    = {T. Mller and A. Phlmann and S. Messlinger},
  title     = {Normalizing radial distribution functions on truncated regions},
  month     = {Mai},
  year      = {2011},
  note      = {internes Dokument, Experimentalphysik V, Universitt Bayreuth}
}
  
@misc{Anleitung,
  author      = {Versuchsanleitung},
  title       = {Laser},
  year        = {2015},
  month       = {Juni},
  note        = {internes Dokument, Universität Bayreuth}
}
  
@inbook{Laser-Dem,
  author         = {W. Demtröder},
  title          = {Laserspektroskopie},
  publisher      = {Springer-Verlag},
  year           = {2007},
  edition        = {5.\ Auflage},
  address        = {Berlin}
}

@misc{Brechungsindes-Wiki,
  author       = {Wikipedia},
  title        = {Brechungsindes},
  url          = {https://de.wikipedia.org/wiki/Brechungsindex},
  urldate      = {16.09.2021},
  year         = {2021}
}

@misc{laser1,
  author       = {Spektrum},
  title        = {Laser},
  url          = {https://www.spektrum.de/lexikon/physik/laser/8789},
  urldate      = {16.09.2021},
  year         = {2021}
}

@misc{laser2,
  author       = {LEIFIphysik},
  title        = {Laser},
  url          = {https://www.leifiphysik.de/atomphysik/laser},
  urldate      = {16.09.2021},
  year         = {2021}
}

@misc{laser3,
  author       = {Spektrum},
  title        = {Laser},
  url          = {https://www.spektrum.de/lexikon/physik/drei-niveau-laser/3391},
  urldate      = {16.09.2021},
  year         = {2021}
  }

@misc{linienbreite,
  author       = {Wikipedia},
  title        = {Linienverbreiterung},
  url          = {https://de.wikipedia.org/wiki/Linienverbreiterung},
  urldate      = {16.09.2021},
  year         = {2021}
  }

  @misc{laser,
  author       = {Wikipedia},
  title        = {Laser},
  url          = {https://de.wikipedia.org/wiki/Laser},
  urldate      = {16.09.2021},
  year         = {2021}
  }

@misc{henelaser,
  author       = {Uni Göttingen},
  title        = {{Der Helium-Neon-Laser}},
  url          = {https://lp.uni-goettingen.de/get/text/1804},
  urldate      = {16.09.2021},
  year         = {2021}
  }
  
@misc{Kohler,
  author    = {Prof. Dr. Jürgen Köhler},
  month     = {WS20/21},
  year      = {2020},
  note      = {Vorlesungsskript: EPB Optik und Wärme}
}

@misc{fpi,
  author       = {Spektrum},
  title        = {{Fabry-Perot-Interferometer}},
  url          = {https://www.spektrum.de/lexikon/physik/fabry-perot-interferometer/4685},
  urldate      = {16.09.2021},
  year         = {2021}
  }

@misc{fpi1,
  author       = {Wikipedia},
  title        = {{Fabry-Perot-Interferometer}},
  url          = {https://en.wikipedia.org/wiki/Fabry–Perot_interferometer},
  urldate      = {16.09.2021},
  year         = {2021}
  }

@manual{fpi2,
  author    = {Dr. Stephan Giglberger},
  title     = {{Fabry-Perot-Interferometer}},
  organizaton = {Universität Regensburg},
  edition   = {6.\ Auflage},
  month     = {April},
  year      = {2010}
 }

@misc{holographie,
  author       = {Spektrum},
  title        = {Holographie},
  url          = {https://www.spektrum.de/lexikon/physik/holographie/6859},
  urldate      = {16.09.2021},
  year         = {2021}
}

@misc{optik,
  author       = {Wikipedia},
  title        = {Matrizenoptik},
  url          = {https://de.wikipedia.org/wiki/Matrizenoptik},
  urldate      = {16.09.2021},
  year         = {2021}
  }

@misc{spiegel,
  author       = {Wikipedia},
  title        = {{Bragg-Spiegel}},
  url          = {https://de.wikipedia.org/wiki/Bragg-Spiegel},
  urldate      = {16.09.2021},
  year         = {2021}
  }
