% "Bachelor.bib" --- bibliography-File f�r das Template "Bachelor.tex"
%
% Wolfgang Sch�pf, November 2011


% Gro�schreibung im Titel ist durch {} zu Markieren!
%
% Der Eintrag bei "edition = " erscheint genau so wie er geschrieben wird (s. z.B. Khoo2007, Kopka2000 etc.).
%
% F�r einen vern�nftigen Eintrag im Literaturverzeichnis MUSS ein Autor ("author = ") angegeben werden.
% Notfalls muss einer erfunden werden (s. z.B. Agilent2006, Latex2011, etc.)
%
% Um Webseiten mit Hilfe von "url = " und "urldate = " zu zitieren, muss ausschlie�lich der
% Eintrag "@misc{...}" verwendet werden (s. z.B. Latex2011, Miktex2011)


% B�cher, Buchausschnitte und Proceedings


@inbook{Gerthsen,
  author    = {D. Meschede},
  title     = {Gerthsen Physik},
  publisher = {Springer-Verlag},
  edition   = {25.\ Auflage},
  year      = {2015},
  address   = {Berlin, Heidelberg}
}

@inbook{HBG,
  author    = {E. Hering, K. Bressler, J. Gutekunst},
  title     = {Elektronik für Ingenieure und Naturwissenschaftler},
  publisher = {Springer-Verlag},
  edition   = {7.\ Auflage},
  year      = {2017},
  address   = {Berlin}
}

@inbook{EKS,
  author    = {E. J. Eichler, H.-D. Kronfeldt, J. Sahm},
  title     = {Das neue physikalische Grundpraktikum},
  publisher = {Springer-Verlag},
  edition   = {3.\ Auflage},
  year      = {2016},
  address   = {Berlin}
}

@inbook{Dierking2003,
  author    = {I. Dierking},
  title     = {Textures of Liquid Crystals},
  publisher = {Wiley-VCH Verlag},
  year      = {2003},
  address   = {Weinheim},
  chapter   = {5},
  pages     = {54-74}
}


% Artikel in Fachzeitschriften

@article{Ahlers1986,
  author    = {G. Ahlers and I. Rehberg},
  title     = {Convection in a Binary Mixture Heated from Below},
  journal   = {Phys. Rev. Lett.},
  volume    = {56},
  number    = {13},
  pages     = {1373--1376},
  year      = {1986}
}


% Bachelor- Master, Diplom- und Doktorarbeiten

@phdthesis{Lafuente2005,
  author    = {{\'O}. Lafuente},
  title     = {Thermoreversible {G}ele von isotropen und anisotropen {F}l{\"u}ssigkeiten mit chiralen {O}rganogelatoren},
  year      = {2005},
  type      = {Doktorarbeit},
  school    = {Universit{\"a}t Bayreuth}
}

@mastersthesis{Kramer2010,
  author    = {C. Kramer},
  title     = {Das magnetische Moment},
  year      = {2010},
  type      = {Bachelorarbeit},
  school    = {Universit{\"a}t Bayreuth}
}

% Handb�cher, sonstige Anleitungen

@manual{Agilent2006,
  author    = {Agilent},
  title     = {{B}enutzerhandbuch {A}gilent 34410{A}/11{A}, Multimeter mit 6$\nicefrac{1}{2}$ Stellen},
  organizaton = {Agilent Technologies},
  edition   = {3.\ Auflage},
  month     = {April},
  year      = {2006}
 }


% Webseiten, pers�nliche Mitteilungen, Nichtver�ffentlichtes und wenn nichts anderes passt

@misc{Rehberg2011,
  author    = {I. Rehberg},
  month     = {August},
  year      = {2011},
  note      = {pers�nliche Mitteilung}
}

@misc{Texnic2011,
  author       = {TeXnicCenter},
  title        = {{TeXnicCenter} --- the {C}enter of your {\LaTeX}\ {U}niverse},
  year         = {2011},
  url          = {http://www.texniccenter.org/},
  urldate      = {15.11.2011}
}

@unpublished{Mueller2011,
  author    = {T. Mller and A. Phlmann and S. Messlinger},
  title     = {Normalizing radial distribution functions on truncated regions},
  month     = {Mai},
  year      = {2011},
  note      = {internes Dokument, Experimentalphysik V, Universitt Bayreuth}
}


@misc{Wiki-Dopp,
  author       = {Wikipedia},
  title        = {Dopplerfreie Sättigungsspektroskopie},
  year         = {2021},
  url          = {https://de.wikipedia.org/wiki/Dopplerfreie_Sättigungsspektroskopie},
  urldate      = {19.09.2021}
}
@misc{Strahlteiler,
  author       = {Wikipedia},
  title        = {Strahlteiler},
  year         = {2021},
  url          = {https://de.wikipedia.org/wiki/Strahlteiler},
  urldate      = {19.09.2021}
}
@misc{Platte,
  author       = {Wikipedia},
  title        = {Verzögerungsplatte},
  year         = {2021},
  url          = {https://de.wikipedia.org/wiki/Verzögerungsplatte},
  urldate      = {19.09.2021}
}

@mastersthesis{Kohler,
  author    = {Prof. Dr. Jürgen Köhler},
  title     = {{Skript für Experimentalphysik B: Atome, Kerne und Elementarteilchen}},
  year      = {2021},
  type      = {Vorlesungsskript},
  school    = {Universit{\"a}t Bayreuth}
}

@manual{AnhangA,
  author    = {Daniel Adam Steck},
  title     = {Rubidium 85 D Line Data},
  organizaton = {Oregon Center of Optics and Department of Physics},
  edition   = {2.1.6},
  month     = {September},
  year      = {2013}
 }
 @manual{AnhangB,
  author    = {Daniel Adam Steck},
  title     = {Rubidium 87 D Line Data},
  organizaton = {Oregon Center of Optics and Department of Physics},
  edition   = {2.1.5 },
  month     = {Januar},
  year      = {2015}
 }

@misc{Lorentzkurve-Wiki,
  author       = {Wikipedia},
  title        = {Lorentzkurve},
  year         = {2021},
  url          = {https://de.wikipedia.org/wiki/Lorentzkurve},
  urldate      = {25.09.2021}
}
