% "Bachelor.bib" --- bibliography-File f�r das Template "Bachelor.tex"
%
% Wolfgang Sch�pf, November 2011


% Gro�schreibung im Titel ist durch {} zu Markieren!
%
% Der Eintrag bei "edition = " erscheint genau so wie er geschrieben wird (s. z.B. Khoo2007, Kopka2000 etc.).
%
% F�r einen vern�nftigen Eintrag im Literaturverzeichnis MUSS ein Autor ("author = ") angegeben werden.
% Notfalls muss einer erfunden werden (s. z.B. Agilent2006, Latex2011, etc.)
%
% Um Webseiten mit Hilfe von "url = " und "urldate = " zu zitieren, muss ausschlie�lich der
% Eintrag "misc{...}" verwendet werden (s. z.B. Latex2011, Miktex2011)


% B�cher, Buchausschnitte und Proceedings




@inbook{Gerthsen,
  author    = {D. Meschede},
  title     = {Gerthsen Physik},
  publisher = {Springer-Verlag},
  edition   = {25.\ Auflage},
  year      = {2015},
  address   = {Berlin, Heidelberg}
}

@inbook{HBG,
  author    = {E. Hering, K. Bressler, J. Gutekunst},
  title     = {Elektronik für Ingenieure und Naturwissenschaftler},
  publisher = {Springer-Verlag},
  edition   = {7.\ Auflage},
  year      = {2017},
  address   = {Berlin}
}

@inbook{EKS,
  author    = {E. J. Eichler, H.-D. Kronfeldt, J. Sahm},
  title     = {Das neue physikalische Grundpraktikum},
  publisher = {Springer-Verlag},
  edition   = {3.\ Auflage},
  year      = {2016},
  address   = {Berlin}
}

@inbook{Dierking2003,
  author    = {I. Dierking},
  title     = {Textures of Liquid Crystals},
  publisher = {Wiley-VCH Verlag},
  year      = {2003},
  address   = {Weinheim},
  chapter   = {5},
  pages     = {54-74}
}


% Artikel in Fachzeitschriften

@article{Ahlers1986,
  author    = {G. Ahlers and I. Rehberg},
  title     = {Convection in a Binary Mixture Heated from Below},
  journal   = {Phys. Rev. Lett.},
  volume    = {56},
  number    = {13},
  pages     = {1373--1376},
  year      = {1986}
}


% Bachelor- Master, Diplom- und Doktorarbeiten

@phdthesis{Lafuente2005,
  author    = {{\'O}. Lafuente},
  title     = {Thermoreversible {G}ele von isotropen und anisotropen {F}l{\"u}ssigkeiten mit chiralen {O}rganogelatoren},
  year      = {2005},
  type      = {Doktorarbeit},
  school    = {Universit{\"a}t Bayreuth}
}

@mastersthesis{Kramer2010,
  author    = {C. Kramer},
  title     = {Das magnetische Moment},
  year      = {2010},
  type      = {Bachelorarbeit},
  school    = {Universit{\"a}t Bayreuth}
}

% Handb�cher, sonstige Anleitungen

@manual{Agilent2006,
  author    = {Agilent},
  title     = {{B}enutzerhandbuch {A}gilent 34410{A}/11{A}, Multimeter mit 6$\nicefrac{1}{2}$ Stellen},
  organizaton = {Agilent Technologies},
  edition   = {3.\ Auflage},
  month     = {April},
  year      = {2006}
 }


% Webseiten, pers�nliche Mitteilungen, Nichtver�ffentlichtes und wenn nichts anderes passt

@misc{Rehberg2011,
  author    = {I. Rehberg},
  month     = {August},
  year      = {2011},
  note      = {pers�nliche Mitteilung}
}

@misc{Texnic2011,
  author       = {TeXnicCenter},
  title        = {{TeXnicCenter} --- the {C}enter of your {\LaTeX}\ {U}niverse},
  year         = {2011},
  url          = {http://www.texniccenter.org/},
  urldate      = {15.11.2011}
}

@mics{Anleitung,
  author      = {Versuchsanleitung},
  title       = {FRET an biologischen Proben},
  year        = {2018},
  month       = {August},
  day         = {30},
  note        = {internes Dokument, Experimentalphysik I, Universität Bayreuth}
}
@unpublished{Mueller2011,
  author    = {T. Mller and A. Phlmann and S. Messlinger},
  title     = {Normalizing radial distribution functions on truncated regions},
  month     = {Mai},
  year      = {2011},
  note      = {internes Dokument, Experimentalphysik V, Universitt Bayreuth}
  
}
@misc{chemiestack,
  author       = {Porphyrin},
  title        = {Why does the Förster resonance energy transfer scale as $1/r^6$?},
  url          = {https://chemistry.stackexchange.com/questions/5015/why-does-the-förster-resonance-energy-transfer-scale-as-1-r⁶},
  urldate      = {06.09.2021},
  year         = {2017}
}

@misc{foersterradius,
  author       = {Chemie.de},
  title        = {Försterradius},
  url          = {https://www.chemie.de/lexikon/Förster-Radius.html},
  urldate      = {06.09.2021},
  year         = {2021}
}
@misc{photonenzaehlung,
  author       = {Physikcosmos-Direkt},
  title        = {{Zeitkorrelierte Einzelphotonenzählung}},
  url          = {https://physik.cosmos-indirekt.de/Physik-Schule/Zeitkorrelierte_Einzelphotonenzählung},
  urldate      = {04.09.2021},
  year         = {2021}
}
@unpublished{TCSPC,
  author    = {Michael Wahl},
  title     = {Time-Correlated Single Photon Counting},
  year      = {2014},
  note      = {Technical Note, PicoQuant}
}
@misc{UniBerlin,
  author       = {{Humboldt-Universität zu Berlin}},
  title        = {{Zeitkorrelierte Einzelphotonenmessung}},
  url          = {http://makulatur.github.io/docs/FPR/Zeitkorrelierte%20Einzelphotonenzaehlung.pdf},
  urldate      = {04.09.2021},
  year         = {aufgerufen 2021}
}
@misc{photobleaching,
  author       = {Wikipedia},
  title        = {Photobleichung},
  url          = {https://de.wikipedia.org/wiki/Photobleichung},
  urldate      = {04.09.2021},
  year         = {2021}
}