% Großschreibung im Titel ist durch {} zu Markieren!
%
% Der Eintrag bei "edition = " erscheint genau so wie er geschrieben wird (s. z.B. Khoo2007, Kopka2000 etc.).
%
% Für einen vernünftigen Eintrag im Literaturverzeichnis MUSS ein Autor ("author = ") angegeben werden.
% Notfalls muss einer erfunden werden (s. z.B. Agilent2006, Latex2011, etc.)
%
% Um Webseiten mit Hilfe von "url = " und "urldate = " zu zitieren, muss ausschließlich der
% Eintrag


% Bücher, Buchausschnitte und Proceedings

@book{RasterEM,
  author         = {Ludwig Reimer and Gerhard Pfefferkorn},
  title          = {Raster-Elektronenmikroskopie},
  publisher      = {Springer},
  year           = {1977},
  edition        = {2.},
}

@misc{RuppelEM,
  author       = {Manfred Ruppel},
  title        = {Rasterelektronenmikroskopie},
  url          = {https://www.bio.uni-frankfurt.de/43229358/einfuhrung.pdf},
  note         = {Zugriffsdatum: 16.09.2021}
}

@misc{WikipolyTEM,
  author       = {Michler Goerg Hannes},
  title        = {Transmissions-Elektronenmikroskopie (TEM)},
  url          = {https://wiki.polymerservice-merseburg.de/index.php?title=Transmissionselektronenmikroskopie&oldid=8283},
  note         = {Zugriffsdatum: 16.09.2021}
}

@misc{WikiTEM,
  title        = {Transmissionselektronenmikroskop},
  url          = {https://de.wikipedia.org/w/index.php?title=Transmissionselektronenmikroskop&oldid=215044341},
  note         = {Zugriffsdatum: 16.09.2021}
}

@misc{WikiLM,
  title        = {Lichtmikroskop},
  url          = {https://de.wikipedia.org/w/index.php?title=Lichtmikroskop&oldid=209133433},
  note         = {Zugriffsdatum: 16.09.2021}
}

@misc{WikiREM,
  title        = {Rasterelektronenmikroskop},
  url          = {https://de.wikipedia.org/w/index.php?title=Rasterelektronenmikroskop&oldid=212553304},
  note         = {Zugriffsdatum: 16.09.2021}
}

@misc{WikipolyREM,
  author       = {A. Zankel},
  title        = {Rasterelektronenmikroskopie},
  url          = {https://wiki.polymerservice-merseburg.de/index.php?title=Rasterelektronenmikroskopie&oldid=8275},
  note         = {Zugriffsdatum: 16.09.2021}
}

@misc{Anleitung,
  author       = {Physikalisches Institut der Universit{\"a}t Bayreuth},
  title        = {{Fortgeschrittenes Praktikum der Physik Rasterelektronenmikroskop und R{\"o}ntgenmikroanalyse}},
}